
@book{McQuarrie-StatMech,
publisher = "University Science Books",
isbn = "1891389157",
year = "2000",
title = "Statistical mechanics",
address = "Sausalito, Calif.",
author = "McQuarrie, Donald A. (Donald Allan)",
keywords = "Statistical mechanics",
lccn = "00021962",
}